<?xml version="1.0" encoding="UTF-8"?><collection xmlns="http://www.loc.gov/MARC21/slim"><record><leader>00359nam--2200145-i-4500</leader><controlfield tag="001">000004279</controlfield><controlfield tag="002">20161230</controlfield><controlfield tag="005">20170123171917</controlfield><controlfield tag="008">060222s1000------------r-----000-0-eng-d</controlfield><datafield ind1=" " ind2=" " tag="245"><subfield code="a">Catalysis in practice</subfield></datafield><datafield ind1=" " ind2=" " tag="260"><subfield code="a">New York</subfield><subfield code="b">Reinhold Publishing Co</subfield><subfield code="c">1957</subfield></datafield><datafield ind1=" " ind2=" " tag="300"><subfield code="a">IV + 153 p</subfield></datafield><datafield ind1=" " ind2=" " tag="700"><subfield code="a">Collier, C. H</subfield></datafield><datafield ind1=" " ind2=" " tag="852"><subfield code="a">13485</subfield></datafield><datafield ind1=" " ind2=" " tag="CAT"><subfield code="a">SYS</subfield><subfield code="c">20170123</subfield><subfield code="h">171917</subfield></datafield></record></collection>